@article{spalart1992,
author={P.~R.~Spalart and S.~R.~Allmaras},
title={A One-Equation Turbulence Model for Aerodynamic Flows},
journal={AIAA 30th Aerospace Sciences Meeting},
year = {1992}
}

@Article{shur2000,
author = {M.~L.~Shur and M.~K.~Strelets and A.~K.~Travin and P.~R.~Spalart},
title = {Turbulence Modeling in Rotating and Curved Channels: Assessing the {S}palart-{S}hur Correction},
journal = {AIAA Journal},
year = {2000},
volume = {38},
number = {5}
}

@Article{kim1994,
author = {W.~J.~Kim and V.~C.~Patel},
title = {Origin and Decay of Longitudinal Vortices in Developing Flow in a Curved Rectangular Duct},
journal = {Journal of Fluids Engineering},
year = {1994},
volume = {116},
number = {1}
}

@Article{spalart1997,
author = {P.~R.~Spalart and M.~Shur},
title = {On the sensitization of turbulence models to rotation and curvature},
journal = {Aerospace Science and Technology},
year = {1997},
number = {5},
pages = {297--302}
}

@TechReport{spalart2001,
author = {P.~R.~Spalart},
title = {Young-person's guide to detached-eddy simulation grids},
institution = {NASA Langley Research Center},
year = {2001},
month = {July}
}

@TechReport{bradshaw1973,
author = {P.~Bradshaw},
title = {Effects of streamline curvature on turbulent flow},
institution = {NATO AGARD},
year = {1973},
OPTkey = {{AGARD-AG-169}}
}
